<record><leader>00000cas a2200000 i 4500</leader><controlfield tag="001">1568838</controlfield><controlfield tag="008">750824d18751880nduwr ne      0    0eng c</controlfield><datafield ind1=" " ind2=" " tag="010"><subfield code="a">sn 84022130 </subfield></datafield><datafield ind1=" " ind2=" " tag="040"><subfield code="a">MUL</subfield><subfield code="b">eng</subfield><subfield code="e">rda</subfield><subfield code="c">MUL</subfield><subfield code="d">NPX</subfield><subfield code="d">DLC</subfield><subfield code="d">NOP</subfield><subfield code="d">MN#</subfield><subfield code="d">NVF</subfield><subfield code="d">NYS</subfield><subfield code="d">OCLCQ</subfield><subfield code="d">OCLCF</subfield><subfield code="d">OCLCO</subfield><subfield code="d">CUS</subfield><subfield code="d">IUL</subfield></datafield><datafield ind1=" " ind2=" " tag="042"><subfield code="a">pcc</subfield></datafield><datafield ind1=" " ind2=" " tag="043"><subfield code="a">n-us-nd</subfield></datafield><datafield ind1="0" ind2="0" tag="050"><subfield code="a">Newspaper 9200-X</subfield></datafield><datafield ind1="0" ind2="0" tag="245"><subfield code="a">Fargo times.</subfield></datafield><datafield ind1=" " ind2="1" tag="264"><subfield code="a">Fargo, Dakota [N.D.] :</subfield><subfield code="b">E.B. Chambers</subfield></datafield><datafield ind1=" " ind2=" " tag="300"><subfield code="a">volumes ;</subfield><subfield code="c">59-66 cm</subfield></datafield><datafield ind1=" " ind2=" " tag="310"><subfield code="a">Weekly</subfield></datafield><datafield ind1=" " ind2=" " tag="336"><subfield code="a">text</subfield><subfield code="b">txt</subfield><subfield code="2">rdacontent</subfield></datafield><datafield ind1=" " ind2=" " tag="337"><subfield code="a">unmediated</subfield><subfield code="b">n</subfield><subfield code="2">rdamedia</subfield></datafield><datafield ind1=" " ind2=" " tag="338"><subfield code="a">volume</subfield><subfield code="b">nc</subfield><subfield code="2">rdacarrier</subfield></datafield><datafield ind1="1" ind2=" " tag="362"><subfield code="a">Began in 1875.</subfield></datafield><datafield ind1="0" ind2=" " tag="362"><subfield code="a">-v. 6, no. 28 (Dec. 2, 1880).</subfield></datafield><datafield ind1=" " ind2=" " tag="515"><subfield code="a">Old series numbering dropped, &lt;1877-&gt;.</subfield></datafield><datafield ind1=" " ind2=" " tag="530"><subfield code="a">Available on microfilm from the State Historical Society of North Dakota.</subfield></datafield><datafield ind1=" " ind2=" " tag="588"><subfield code="a">Description based on: New series, Vol. 1, no. 16 (July 10, 1875) = old series vol. 3, no. 40; title from masthead, Readex, America's Historical Newspapers (viewed October 26, 2017).</subfield></datafield><datafield ind1=" " ind2=" " tag="588"><subfield code="a">Latest issue consulted: Volume III, number 23 (November 3, 1877); Readex, Ameirca's Historical Newspapers (viewed October 26, 2017).</subfield></datafield><datafield ind1=" " ind2="0" tag="651"><subfield code="a">Fargo (N.D.)</subfield><subfield code="v">Newspapers.</subfield></datafield><datafield ind1=" " ind2="0" tag="651"><subfield code="a">Cass County (N.D.)</subfield><subfield code="v">Newspapers.</subfield></datafield><datafield ind1=" " ind2="7" tag="651"><subfield code="a">North Dakota</subfield><subfield code="z">Cass County.</subfield><subfield code="2">fast</subfield><subfield code="0">(OCoLC)fst01234907</subfield></datafield><datafield ind1=" " ind2="7" tag="651"><subfield code="a">North Dakota</subfield><subfield code="z">Fargo.</subfield><subfield code="2">fast</subfield><subfield code="0">(OCoLC)fst01211331</subfield></datafield><datafield ind1=" " ind2="7" tag="655"><subfield code="a">Newspapers.</subfield><subfield code="2">fast</subfield><subfield code="0">(OCoLC)fst01423814</subfield></datafield><datafield ind1=" " ind2=" " tag="752"><subfield code="a">United States</subfield><subfield code="b">North Dakota</subfield><subfield code="c">Cass</subfield><subfield code="d">Fargo.</subfield></datafield><datafield ind1="0" ind2="4" tag="780"><subfield code="t">Red River gazette</subfield><subfield code="w">(DLC)sn 85033479</subfield><subfield code="w">(OCoLC)11990520</subfield></datafield><datafield ind1="0" ind2="4" tag="780"><subfield code="t">Fargo express</subfield><subfield code="w">(DLC)sn 84022131</subfield><subfield code="w">(OCoLC)10315378</subfield></datafield><datafield ind1="0" ind2="5" tag="780"><subfield code="t">Northern Pacific mirror</subfield><subfield code="g">1875</subfield><subfield code="w">(DLC)sn 89074489</subfield><subfield code="w">(OCoLC)20818766</subfield></datafield><datafield ind1="0" ind2="0" tag="785"><subfield code="t">Fargo weekly times</subfield><subfield code="w">(DLC)sn 89074486</subfield><subfield code="w">(OCoLC)20818682</subfield></datafield><datafield ind1="4" ind2="1" tag="856"><subfield code="u">http://proxyiub.uits.iu.edu/login?url=http://infoweb.newsbank.com/?db=EANX&amp;s_browseRef=decades/14EF11DE36AF40D7/all.xml</subfield></datafield><datafield ind1="1" ind2=" " tag="029"><subfield code="a">AU@</subfield><subfield code="b">000020409938</subfield></datafield></record>